@software{Jax2018,
  author  = {James Bradbury and Roy Frostig and Peter Hawkins and Matthew James Johnson and Chris Leary and Dougal Maclaurin and George Necula and Adam Paszke and Jake Vander{P}las and Skye Wanderman-{M}ilne and Qiao Zhang},
  title   = {{JAX}: composable transformations of {P}ython+{N}um{P}y programs},
  url     = {http://github.com/google/jax},
  version = {0.3.13},
  year    = {2018}
}
@software{ducc0,
  author  = {Martin Reinecke},
  title   = {{DUCC}: Distinctly Useful Code Collection},
  url     = {https://gitlab.mpcdf.mpg.de/mtr/ducc},
  version = {0.33.0},
  year    = {2024}
}
@software{Moses2024,
  author  = {Moses, William S. and Zinenko, Oleksandr},
  title   = {{Enzyme-JAX}},
  url     = {https://github.com/EnzymeAD/Enzyme-JAX},
  version = {0.0.6},
  year    = {2024}
}
@inproceedings{Moses2020,
  author    = {Moses, William and Churavy, Valentin},
  booktitle = {Advances in Neural Information Processing Systems},
  editor    = {H. Larochelle and M. Ranzato and R. Hadsell and M. F. Balcan and H. Lin},
  pages     = {12472--12485},
  publisher = {Curran Associates, Inc.},
  title     = {Instead of Rewriting Foreign Code for Machine Learning, Automatically Synthesize Fast Gradients},
  url       = {https://proceedings.neurips.cc/paper/2020/file/9332c513ef44b682e9347822c2e457ac-Paper.pdf},
  volume    = {33},
  year      = {2020}
}
@inproceedings{Moses2021,
  author    = {Moses, William S. and Churavy, Valentin and Paehler, Ludger and H\"{u}ckelheim, Jan and Narayanan, Sri Hari Krishna and Schanen, Michel and Doerfert, Johannes},
  title     = {Reverse-Mode Automatic Differentiation and Optimization of GPU Kernels via Enzyme},
  year      = {2021},
  isbn      = {9781450384421},
  publisher = {Association for Computing Machinery},
  address   = {New York, NY, USA},
  url       = {https://doi.org/10.1145/3458817.3476165},
  doi       = {10.1145/3458817.3476165},
  booktitle = {Proceedings of the International Conference for High Performance Computing, Networking, Storage and Analysis},
  articleno = {61},
  numpages  = {16},
  keywords  = {CUDA, LLVM, ROCm, HPC, AD, GPU, automatic differentiation},
  location  = {St. Louis, Missouri},
  series    = {SC '21}
}
@inproceedings{Moses2022,
  author    = {Moses, William S. and Narayanan, Sri Hari Krishna and Paehler, Ludger and Churavy, Valentin and Schanen, Michel and H\"{u}ckelheim, Jan and Doerfert, Johannes and Hovland, Paul},
  title     = {Scalable Automatic Differentiation of Multiple Parallel Paradigms through Compiler Augmentation},
  year      = {2022},
  isbn      = {9784665454445},
  publisher = {IEEE Press},
  booktitle = {Proceedings of the International Conference on High Performance Computing, Networking, Storage and Analysis},
  articleno = {60},
  numpages  = {18},
  keywords  = {automatic differentiation, tasks, OpenMP, compiler, Julia, parallel, Enzyme, C++, RAJA, hybrid parallelization, MPI, distributed, LLVM},
  location  = {Dallas, Texas},
  series    = {SC '22},
  doi       = {10.1109/SC41404.2022.00065}
}
@software{Resolve2024,
  author = {Arras, Philipp and Roth, Jakob and Ding, Simon and Reinecke, Martin and Fuchs, Richard and Johnson, Vishal},
  title  = {RESOLVE},
  url    = {https://gitlab.mpcdf.mpg.de/ift/resolve},
  year   = {2024}
}
@misc{Edenhofer2023NIFTyRE,
  author        = {{Edenhofer}, Gordian and {Frank}, Philipp and {Roth}, Jakob and {Leike}, Reimar H. and {Guerdi}, Massin and {Scheel-Platz}, Lukas I. and {Guardiani}, Matteo and {Eberle}, Vincent and {Westerkamp}, Margret and {En√ülin}, Torsten A.},
  title         = {{Re-Envisioning Numerical Information Field Theory (NIFTy.re): A Library for Gaussian Processes and Variational Inference}},
  keywords      = {Software},
  year          = 2024,
  eprint        = {2402.16683},
  archiveprefix = {arXiv},
  primaryclass  = {astro-ph.IM},
  doi           = {10.48550/arXiv.2402.16683},
}
